<record><leader>00000cas a2200000 a 4500</leader><controlfield tag="001">11877759</controlfield><controlfield tag="008">850402d18811889inuwr ne      0    0eng c</controlfield><datafield ind1=" " ind2=" " tag="010"><subfield code="a">sn 85047751 </subfield></datafield><datafield ind1=" " ind2=" " tag="040"><subfield code="a">NPI</subfield><subfield code="b">eng</subfield><subfield code="c">NPI</subfield><subfield code="d">OCLCQ</subfield><subfield code="d">IUL</subfield><subfield code="d">OCLCF</subfield><subfield code="d">IUL</subfield></datafield><datafield ind1=" " ind2=" " tag="042"><subfield code="a">pcc</subfield></datafield><datafield ind1=" " ind2=" " tag="043"><subfield code="a">n-us-in</subfield></datafield><datafield ind1="0" ind2=" " tag="130"><subfield code="a">Versailles Republican (Versailles, Ind. : 1881)</subfield></datafield><datafield ind1="1" ind2="0" tag="245"><subfield code="a">Versailles Republican.</subfield></datafield><datafield ind1=" " ind2=" " tag="260"><subfield code="a">Versailles, Ind. :</subfield><subfield code="b">G.W. Young</subfield></datafield><datafield ind1=" " ind2=" " tag="300"><subfield code="a">8 v. :</subfield><subfield code="b">ill. ;</subfield><subfield code="c">56-72 cm.</subfield></datafield><datafield ind1=" " ind2=" " tag="310"><subfield code="a">Weekly</subfield></datafield><datafield ind1="1" ind2=" " tag="362"><subfield code="a">Began Mar. 31, 1881</subfield><subfield code="z">Cf. Miller, John W. Indiana newspaper bibliog.</subfield></datafield><datafield ind1="0" ind2=" " tag="362"><subfield code="a">-vol. XXXIII, no. 38 (April 25, 1889).</subfield></datafield><datafield ind1=" " ind2=" " tag="500"><subfield code="a">"The perpetuity of Republican principles and the promotion of local interests."</subfield></datafield><datafield ind1=" " ind2=" " tag="500"><subfield code="a">Publishers: &lt;Sept. 1882&gt;-Jan. 4, 1883, Bright &amp; Heck; Jan. 11, 1883-Mar. 8, 1883, Wood &amp; Heck; Mar. 15, 1883-Jan. 6, 1887, Will G. Wood; Jan. 13, 1887-June 30, 1887, Chas. H. Thompson; July 7, 1887-June 1888, George W. Young; June 1888-Jan. 24, 1889, Young &amp; Thompson; Jan. 31, 1889-Apr. 25, 1889, G.W. Young.</subfield></datafield><datafield ind1=" " ind2=" " tag="500"><subfield code="a">Title from masthead.</subfield></datafield><datafield ind1=" " ind2=" " tag="588"><subfield code="a">Description based on: Vol. 27, no. 3 (Sept. 7, 1882).</subfield></datafield><datafield ind1=" " ind2="0" tag="651"><subfield code="a">Versailles (Ind.)</subfield><subfield code="v">Newspapers.</subfield></datafield><datafield ind1=" " ind2="0" tag="651"><subfield code="a">Ripley County (Ind.)</subfield><subfield code="v">Newspapers.</subfield></datafield><datafield ind1=" " ind2="7" tag="651"><subfield code="a">Indiana</subfield><subfield code="z">Ripley County.</subfield><subfield code="2">fast</subfield><subfield code="0">(OCoLC)fst01218132</subfield></datafield><datafield ind1=" " ind2="7" tag="651"><subfield code="a">Indiana</subfield><subfield code="z">Versailles.</subfield><subfield code="2">fast</subfield><subfield code="0">(OCoLC)fst01260894</subfield></datafield><datafield ind1=" " ind2="7" tag="655"><subfield code="a">Newspapers.</subfield><subfield code="2">fast</subfield><subfield code="0">(OCoLC)fst01423814</subfield></datafield><datafield ind1=" " ind2=" " tag="752"><subfield code="a">United States</subfield><subfield code="b">Indiana</subfield><subfield code="c">Ripley</subfield><subfield code="d">Versailles.</subfield></datafield><datafield ind1="0" ind2=" " tag="777"><subfield code="t">Osgood Republican</subfield><subfield code="g">1884-1886</subfield><subfield code="w">(DLC)sn 85047752</subfield><subfield code="w">(OCoLC)11877864</subfield></datafield><datafield ind1="0" ind2=" " tag="777"><subfield code="t">Batesville Republican (Batesville, Ind.)</subfield><subfield code="g">1884-1886</subfield><subfield code="w">(DLC)sn 85047753</subfield><subfield code="w">(OCoLC)11877815</subfield></datafield><datafield ind1="0" ind2="0" tag="780"><subfield code="t">Ripley index</subfield><subfield code="w">(DLC)sn 84038230</subfield><subfield code="w">(OCoLC)11257590</subfield></datafield><datafield ind1="0" ind2="0" tag="785"><subfield code="t">Republican (Versailles, Ind.)</subfield><subfield code="w">(DLC)sn 85047754</subfield><subfield code="w">(OCoLC)11879796</subfield></datafield><datafield ind1="4" ind2="1" tag="856"><subfield code="u">https://access.newspaperarchive.com/us/indiana/versailles/versailles-republican/</subfield></datafield><datafield ind1="1" ind2=" " tag="029"><subfield code="a">AU@</subfield><subfield code="b">000025838326</subfield></datafield></record>